@string{AMS = "Annals of Mathematical Statistics"}
@string{AOS = "Annals of Statistics"}
@string{AOP = "Annals of Probability"}
@string{AISM = "Annals of the Institute of Statistical Mathematics"}
@string{CSTM = "Communications in Statistics: Theory and Methods"}
@string{JCGS = "Journal of Computational and Graphical Statistics"}
@string{JMA = "Journal of Multivariate Analysis"}
@string{JSPI = "Journal of Statistical Planning and Inference"}
@string{JASA = "Journal of the American Statistical Association"}
@string{JRSSB = "Journal of the Royal Statistical Society, Series B"}
@string{PNAS = "Proceedings National Academic Science"}
@string{SAGMB = "Statistical Applications in Genetics and Molecular Biology"}
@string{SM = "Statistics in Medicine"}
@string{SS = "Statistica Sinica"}
@string{CSDA = "Computational Statistics $\&$ Data Analysis"}

%%sub-Exp
@book{vershynin2018high,
  title={High-dimensional probability: {A}n introduction with applications in data science},
  author={Vershynin, Roman},
  year={2018},
address = {Cambridge},
  publisher={Cambridge University Press}
}

@book{wainwright2019high,
	title={High-dimensional statistics: {A} non-asymptotic viewpoint},
	author={Wainwright, Martin J},
	year={2019},
	publisher={Cambridge University Press},
	address = {Cambridge}
}

%%截断估计
@Article{bickel2008covariance,
  author    = {Bickel, Peter J and Levina, Elizaveta},
  journal   = AOS,
  title     = {Covariance regularization by thresholding},
  volume={36},
  number={6},
  pages={2577--2604},
  year={2008}
}

@article{rothman2009generalized,
  title={Generalized thresholding of large covariance matrices},
  author={Rothman, Adam J and Levina, Elizaveta and Zhu, Ji},
  journal=JASA,
  volume={104},
  number={485},
  pages={177--186},
  year={2009},
  publisher={Taylor \& Francis}
}


@Article{cai2011adaptive,
  author    = {Cai, Tony and Liu, Weidong},
  journal   = JASA,
  title     = {Adaptive thresholding for sparse covariance matrix estimation},
  year      = {2011},
  number    = {494},
  pages     = {672--684},
  volume    = {106}
}


@Article{shao2011sparse,
  author    = {Shao, Jun and Wang, Yazhen and Deng, Xinwei and Wang, Sijian},
  journal   = AOS,
  title     = {Sparse linear discriminant analysis by thresholding for high dimensional data},
  year      = {2011},
  number    = {2},
  pages     = {1241--1265},
  volume    = {39}
}

@article{li2015sparse,
  title={Sparse quadratic discriminant analysis for high dimensional data},
  author={Li, Quefeng and Shao, Jun},
  journal={Statistica Sinica},
  pages={457--473},
  year={2015},
  publisher={JSTOR}
}

@article{zhang2012general,
  title={A General Theory of Concave Regularization for High-Dimensional Sparse Estimation Problems},
  author={Zhang, Cun-Hui and Zhang, Tong},
  journal={Statistical Science},
  volume={27},
  number={4},
  pages={576--593},
  year={2012}
}



@article{yu2015useful,
	title={A useful variant of the {D}avis--{K}ahan theorem for statisticians},
	author={Yu, Yi and Wang, Tengyao and Samworth, Richard J},
	journal={Biometrika},
	volume={102},
	number={2},
	pages={315--323},
	year={2015},
	publisher={Oxford University Press}
}

%% LASSO

@article{tibshirani1996regression,
  title={Regression shrinkage and selection via the lasso},
  author={Tibshirani, Robert},
  journal=JRSSB,
  volume={58},
  number={1},
  pages={267--288},
  year={1996},
  publisher={Oxford University Press}
}

@article{candes2007dantzig,
  title={The Dantzig selector: Statistical estimation when p is much larger than n},
  author={Candes, Emmanuel and Tao, Terence},
  journal=AOS,
   volume={35},
  number={1},
  pages={2313--2351},
  year={2007}
}

@article{tibshirani2013lasso,
  title={The lasso problem and uniqueness},
  author={Tibshirani, Ryan J},
  journal={Electronic Journal of Statistics},
  volume={7},
  pages={1456--1490},
  year={2013}
}

%% LASSO和DS相合性证明
@article{van2009conditions,
  title={On the conditions used to prove oracle results for the lasso},
  author={Van De Geer, Sara A and B{\"u}hlmann, Peter},
  journal={Electronic Journal of Statistics},
  volume={3},
  pages={1360--1392},
  year={2009},
  publisher={Institute of Mathematical Statistics and Bernoulli Society}
}

@article{zhao2006model,
  title={On model selection consistency of Lasso},
  author={Zhao, Peng and Yu, Bin},
  journal={Journal of Machine Learning Research},
  volume={7},
  pages={2541--2563},
  year={2006},
  publisher={JMLR. org}
}

@article{zou2006adaptive,
  title={The adaptive lasso and its oracle properties},
  author={Zou, Hui},
  journal=JASA,
  volume={101},
  number={476},
  pages={1418--1429},
  year={2006},
  publisher={Taylor \& Francis}
}

@article{wainwright2009sharp,
  title={Sharp thresholds for High-Dimensional and noisy sparsity recovery using $\ell_1$ -Constrained Quadratic Programming (Lasso)},
  author={Wainwright, Martin J},
  journal={IEEE Transactions on Information Theory},
  volume={55},
  number={5},
  pages={2183--2202},
  year={2009},
  publisher={IEEE}
}


@article{sun2012scaled,
  title={Scaled sparse linear regression},
  author={Sun, Tingni and Zhang, Cun-Hui},
  journal={Biometrika},
  volume={99},
  number={4},
  pages={879--898},
  year={2012},
  publisher={Oxford University Press}
}


%%其他统计方法
@article{cai2011direct,
	title={A direct estimation approach to sparse linear discriminant analysis},
	author={Cai, T Tony and Liu, Weidong},
	journal=JASA,
	volume={106},
	number={496},
	pages={1566--1577},
	year={2011},
	publisher={Taylor \& Francis}
}

@article{witten2011penalized,
  title={Penalized classification using {F}isher's linear discriminant},
  author={Witten, Daniela M and Tibshirani, Robert},
  journal=JRSSB,
  volume={73},
  number={5},
  pages={753--772},
  year={2011},
  publisher={Wiley Online Library}
}

@article{mai2012direct,
	title={A direct approach to sparse discriminant analysis in ultra-high dimensions},
	author={Mai, Qing and Zou, Hui and Yuan, Ming},
	journal={Biometrika},
	volume={99},
	number={1},
	pages={29--42},
	year={2012},
	publisher={Oxford University Press}
}

@article{fan2012road,
  title={A road to classification in high dimensional space: the regularized optimal affine discriminant},
  author={Fan, Jianqing and Feng, Yang and Tong, Xin},
  journal=JRSSB,
  volume={74},
  number={4},
  pages={745--771},
  year={2012},
  publisher={Blackwell Publishing Ltd Oxford, UK}
}

@article{jiang2018direct,
	title={A Direct Approach for Sparse Quadratic Discriminant Analysis},
	author={Jiang, Binyan and Wang, Xiangyu and Leng, Chenlei},
	journal={Journal of Machine Learning Research},
	volume={19},
	number={31},
	pages={1--37},
	year={2018}
}

@article{zhao2014direct,
  title={Direct estimation of differential networks},
  author={Zhao, Sihai Dave and Cai, T Tony and Li, Hongzhe},
  journal={Biometrika},
  volume={101},
  number={2},
  pages={253--268},
  year={2014},
  publisher={Oxford University Press}
}

@article{yuan2017differential,
  title={Differential network analysis via lasso penalized {D}-trace loss},
  author={Yuan, Huili and Xi, Ruibin and Chen, Chong and Deng, Minghua},
  journal={Biometrika},
  volume={104},
  number={4},
  pages={755--770},
  year={2017},
  publisher={Oxford University Press}
}

@article{cai2021convex,
	title={A convex optimization approach to high-dimensional sparse quadratic discriminant analysis},
	author={Cai, T. Tony and Zhang, Linjun},
	journal=AOS,
	volume={49},
	number={3},
	pages={1537--1568},
	year={2021},
	publisher={Institute of Mathematical Statistics}
}


@Article{cai2011constrained,
  author    = {Cai, Tony and Liu, Weidong and Luo, Xi},
  journal   = JASA,
  title     = {A constrained $\ell_1$ minimization approach to sparse precision matrix estimation},
  year      = {2011},
  number    = {494},
  pages     = {594--607},
  volume    = {106}
}

@article{liu2015fast,
	title={Fast and adaptive sparse precision matrix estimation in high dimensions},
	author={Liu, Weidong and Luo, Xi},
	journal=JMA,
	volume={135},
	pages={153--162},
	year={2015},
	publisher={Elsevier}
}
